@article{giles_2015, 
	title={Multilevel Monte Carlo methods}, 
	volume={24},
	journal={Acta Numerica}, 
	publisher={Cambridge University Press}, 
	author={Giles, Michael B.}, 
	year={2015}, 
	pages={259–328}, 
	keywords = {mlmc}
}
@thesis{pezoldt, 
	author = {Sascha Petzold},
	title = {Multi-Level Monte-Carlo-Methoden und ihre Anwendung in der Finanzmathematik},
	type = {Masterarbeit},
	institution = {Mathematisches Institut Universität Bayreuth},
	year = {2016},
	keywords = {mlmc},
}
@inproceedings{rhee2012new,
  title={A new approach to unbiased estimation for SDE's},
  author={Rhee, Chang-han and Glynn, Peter W.},
  booktitle={Proceedings of the Winter Simulation Conference},
  pages={17},
  year={2012},
  organization={Winter Simulation Conference},
  keywords = {extensions}
}
@article{haji2016multi,
  title={Multi-index Monte Carlo: when sparsity meets sampling},
  author={Haji-Ali, Abdul-Lateef and Nobile, Fabio and Tempone, Ra\'ul},
  journal={Numerische Mathematik},
  volume={132},
  number={4},
  pages={767--806},
  year={2016},
  publisher={Springer},
  keywords = {extensions}
}
@article{vidal2015model,
  title={A model and variance reduction method for computing statistical outputs of stochastic elliptic partial differential equations},
  author={Vidal-Codina, Ferran and Nguyen, Ngoc Cuong and Giles, Michael B. and Peraire, Jaime},
  journal={Journal of Computational Physics},
  volume={297},
  pages={700--720},
  year={2015},
  publisher={Elsevier},
  keywords = {extensions}
}
@article{lemaire2017multilevel,
  title={Multilevel Richardson--Romberg extrapolation},
  author={Lemaire, Vincent and Pag\`es, Gilles and others},
  journal={Bernoulli},
  volume={23},
  number={4A},
  pages={2643--2692},
  year={2017},
  publisher={Bernoulli Society for Mathematical Statistics and Probability},
  keywords = {extensions}
}
@article{giles2009multilevel,
  title={Multilevel quasi-Monte Carlo path simulation},
  author={Giles, Michael B. and Waterhouse, Ben J.},
  journal={Advanced Financial Modelling, Radon Series on Computational and Applied Mathematics},
  pages={165--181},
  year={2009},
  keywords = {extensions}
}
